@misc{OG,
      title={Formal Abstractions for Packet Scheduling}, 
      author={Anshuman Mohan and Yunhe Liu and Nate Foster and Tobias Kapp√© and Dexter Kozen},
      year={2023},
      eprint={2211.11659},
      archivePrefix={arXiv},
      primaryClass={cs.NI},
      url={https://arxiv.org/abs/2211.11659}, 
}
